<record><leader>00000cas a22000007a 4500</leader><controlfield tag="001">17234979</controlfield><controlfield tag="008">871214d19111976ohuwr ne      0    0eng d</controlfield><datafield ind1=" " ind2=" " tag="010"><subfield code="a">sn 87075253 </subfield></datafield><datafield ind1=" " ind2=" " tag="040"><subfield code="a">ONP</subfield><subfield code="b">eng</subfield><subfield code="c">ONP</subfield><subfield code="d">OCLCQ</subfield></datafield><datafield ind1=" " ind2=" " tag="042"><subfield code="a">msc</subfield></datafield><datafield ind1="0" ind2="4" tag="245"><subfield code="a">The Barnesville whetstone.</subfield></datafield><datafield ind1=" " ind2=" " tag="260"><subfield code="a">Barnesville, Ohio :</subfield><subfield code="b">W.E. Buchanan,</subfield><subfield code="c">-1976.</subfield></datafield><datafield ind1=" " ind2=" " tag="300"><subfield code="a">v.</subfield></datafield><datafield ind1=" " ind2=" " tag="310"><subfield code="a">Weekly</subfield></datafield><datafield ind1="1" ind2=" " tag="362"><subfield code="a">Began with Jan. 4, 1911 issue.</subfield></datafield><datafield ind1="0" ind2=" " tag="362"><subfield code="a">-v. 83, no. 31 (July 29, 1976).</subfield></datafield><datafield ind1=" " ind2=" " tag="588"><subfield code="a">Description based on: Vol. 18, no. 2 (Jan. 11, 1911).</subfield></datafield><datafield ind1=" " ind2="4" tag="651"><subfield code="a">Barnesville (Ohio)</subfield><subfield code="v">Newspapers.</subfield></datafield><datafield ind1=" " ind2="4" tag="651"><subfield code="a">Belmont County (Ohio)</subfield><subfield code="v">Newspapers.</subfield></datafield><datafield ind1=" " ind2=" " tag="752"><subfield code="a">United States</subfield><subfield code="b">Ohio</subfield><subfield code="c">Belmont</subfield><subfield code="d">Barnesville.</subfield></datafield><datafield ind1="0" ind2="0" tag="780"><subfield code="t">Saturday whetstone</subfield><subfield code="w">(DLC)sn 87075252</subfield></datafield></record>